<record><leader>00000cas a22000007a 4500</leader><controlfield tag="001">15096996</controlfield><controlfield tag="008">870121u1948uuuutxuwr ne     o0    0eng d</controlfield><datafield ind1=" " ind2=" " tag="010"><subfield code="a">sn 86090785 </subfield></datafield><datafield ind1=" " ind2=" " tag="040"><subfield code="a">PPM</subfield><subfield code="b">eng</subfield><subfield code="c">PPM</subfield><subfield code="d">OCLCQ</subfield></datafield><datafield ind1=" " ind2=" " tag="042"><subfield code="a">msc</subfield></datafield><datafield ind1="0" ind2="0" tag="245"><subfield code="a">Randolph Air Force Base wingspread.</subfield></datafield><datafield ind1=" " ind2=" " tag="260"><subfield code="a">Randolph Air Force Base, Tex :</subfield><subfield code="b">Public Information Office, Randolph Air Force Base,</subfield><subfield code="c">1948-</subfield></datafield><datafield ind1=" " ind2=" " tag="300"><subfield code="a">v. :</subfield><subfield code="b">ill. ;</subfield><subfield code="c">46 cm.</subfield></datafield><datafield ind1=" " ind2=" " tag="310"><subfield code="a">Weekly</subfield></datafield><datafield ind1="0" ind2=" " tag="362"><subfield code="a">Vol. 2, no. 7 (Feb. 20, 1948)-</subfield></datafield><datafield ind1=" " ind2=" " tag="500"><subfield code="a">"The Wingspread is an official publication published every Friday by and for the personnel of Randolph Air Force Base, Texas, a unit of the Air Forces Flying Division, Air Training Command."</subfield></datafield><datafield ind1=" " ind2=" " tag="500"><subfield code="a">Published privately after Nov. 16, 1951.</subfield></datafield><datafield ind1=" " ind2=" " tag="530"><subfield code="a">Also on microfilm: Austin, Texas: The University of Texas, Center for American History.</subfield></datafield><datafield ind1=" " ind2=" " tag="752"><subfield code="a">United States</subfield><subfield code="b">Texas</subfield><subfield code="c">Bexar</subfield><subfield code="d">San Antonio.</subfield></datafield><datafield ind1=" " ind2=" " tag="752"><subfield code="a">United States</subfield><subfield code="b">Texas</subfield><subfield code="c">Bexar</subfield><subfield code="d">Randolph Air Force Base.</subfield></datafield><datafield ind1="0" ind2="0" tag="780"><subfield code="t">Randolph Field wingspread</subfield><subfield code="w">(OCoLC)15096970</subfield></datafield><datafield ind1="1" ind2=" " tag="029"><subfield code="a">AU@</subfield><subfield code="b">000025791186</subfield></datafield></record>